@online{
estonia,
author = "e-Estonia",
title = "",
year = "",
url = "https://e-estonia.com/solutions/e-governance/government-cloud/",
urldate = "2022-10-1"
}
@online{
onu15,
author = "ONU",
title = "Documento final de la reunión de alto nivel de la Asamblea General sobre el examen general de la aplicación de los resultados de la Cumbre Mundial sobre la Sociedad de la Información",
year = "2015",
url = "https://documents-dds-ny.un.org/doc/UNDOC/GEN/N15/438/46/pdf/N1543846.pdf?OpenElement",
urldate = "2022-10-15"
}
@online{
ipc,
author = "Transparency International",
title = "Corruption Statistics",
year = "2011-2021",
url = "https://www.transparency.org.uk/corruption-statistics",
urldate = "2022-11-9"
}
@online{
blearning,
author= "Secretaría de Políticas Universitarias",
title = "Síntesis Universitaria 2019-2020 con nuevas estadísticas sobre modalidad a distancia",
year = "2021",
url = "https://www.argentina.gob.ar/noticias/sintesis-universitaria-2019-2020-con-nuevas-estadisticas-sobre-modalidad-distancia",
urldate = "2022-10-5"
}
